%% This BibTeX bibliography file was created using BibDesk.
%% http://bibdesk.sourceforge.net/


%% Created for Bryan Renne at 2014-03-14 10:34:21 -0700 


%% Saved with string encoding Unicode (UTF-8) 



@book{DitHoeKoo06:del,
	Author = {Ditmarsch, H.P. van and W. van der Hoek and B. Kooi},
	Date-Added = {2014-03-14 17:34:21 +0000},
	Date-Modified = {2014-03-14 17:34:21 +0000},
	Publisher = {Springer},
	Series = {Synthese Library},
	Title = {Dynamic Epistemic Logic},
	Volume = 337,
	Year = 2006}

@unpublished{EijRen14:BEPL,
	Author = {Eijck, Jan van and Renne, Bryan},
	Date-Added = {2014-03-14 15:44:52 +0000},
	Date-Modified = {2014-03-14 15:45:31 +0000},
	Month = {March},
	Note = {Manuscript},
	Title = {Belief as Willingness to Bet},
	Year = {2014}}

@article{WalleyFine1979:vomacp,
	Author = {Walley, P. and T.L. Fine},
	Date-Added = {2013-11-30 00:47:49 +0000},
	Date-Modified = {2013-11-30 00:47:49 +0000},
	Journal = {Synthese},
	Pages = {321--374},
	Title = {Varieties of modal (classificatory) and comparative probability},
	Volume = 41,
	Year = 1979}

@article{BalSme08:Synt,
	Author = {Baltag, Alexandru and Smets, Sonja},
	Date-Added = {2013-11-16 01:02:22 +0000},
	Date-Modified = {2013-11-16 01:02:22 +0000},
	Doi = {10.1007/s11229-008-9369-8},
	Journal = {Synthese},
	Number = {2},
	Pages = {179--202},
	Title = {Probabilistic dynamic belief revision},
	Volume = {165},
	Year = {2008},
	Bdsk-Url-1 = {http://dx.doi.org/10.1007/s11229-008-9369-8}}

@article{BenGerKoo09:SL,
	Author = {van Benthem, Johan and Gerbrandy, Jelle and Kooi, Barteld},
	Date-Added = {2013-11-16 01:02:22 +0000},
	Date-Modified = {2013-11-16 01:02:22 +0000},
	Doi = {10.1007/s11225-009-9209-y},
	Journal = {Studia Logica},
	Number = {1},
	Pages = {67--96},
	Title = {Dynamic update with probabilities},
	Volume = {93},
	Year = {2009},
	Bdsk-Url-1 = {http://dx.doi.org/10.1007/s11225-009-9209-y}}

@article{Sco64:JMP,
	Author = {Scott, Dana},
	Date-Added = {2013-11-15 23:51:29 +0000},
	Date-Modified = {2013-11-15 23:52:00 +0000},
	Journal = {Journal of Mathematical Psychology},
	Pages = {233-247},
	Title = {Measurement Structures and Linear Equalities},
	Volume = {1},
	Year = {1964}}

@article{KraPraSei59:AMS,
	Author = {Kraft, Charles H. and Pratt, John W. and Seidenberg, A.},
	Date-Added = {2013-11-15 23:39:58 +0000},
	Date-Modified = {2013-11-15 23:41:56 +0000},
	Journal = {The Annals of Mathematical Statistics},
	Number = {2},
	Pages = {408-419},
	Title = {Intuitive Probability on Finite Sets},
	Volume = {30},
	Year = {1959}}

@book{Halpern2003:rau,
	Author = {Halpern, J.},
	Date-Added = {2013-11-15 23:30:43 +0000},
	Date-Modified = {2013-11-15 23:30:43 +0000},
	Publisher = {{MIT} Press},
	Title = {Reasoning About Uncertainty},
	Year = 2003}

@book{Chellas:ml,
	Author = {B.F. Chellas},
	Date-Added = {2013-11-15 23:30:09 +0000},
	Date-Modified = {2013-11-15 23:30:09 +0000},
	Publisher = {Cambridge University Press},
	Title = {Modal Logic: An Introduction},
	Year = {1980}}

@book{koerner2008naive,
	Author = {K{\"o}rner, T.W.},
	Date-Added = {2013-11-15 23:29:29 +0000},
	Date-Modified = {2013-11-15 23:29:29 +0000},
	Publisher = {Cambridge University Press},
	Title = {Naive Decision Making: Mathematics Applied to the Social World},
	Year = {2008}}

@article{Herzig2003:mpbaa,
	Author = {Herzig, A.},
	Date-Added = {2013-11-15 23:29:10 +0000},
	Date-Modified = {2013-11-15 23:29:10 +0000},
	Journal = {Fundamenta Informaticae},
	Pages = {323--344},
	Title = {Modal Probability, Belief, and Actions},
	Volume = 27,
	Year = 2003}

@article{KyburgTeng2012:tlorkr,
	Author = {Kyburg, Henry E. and Choh Man Teng},
	Date-Added = {2013-11-15 23:28:59 +0000},
	Date-Modified = {2013-11-15 23:28:59 +0000},
	Journal = {International Journal of Approximate Reasoning},
	Pages = {274--285},
	Title = {The Logic of Risky Knowledge, reprised},
	Volume = 53,
	Year = 2012}

@book{BlaRijVen:ml,
	Author = {P. Blackburn and M. de Rijke and Y. Venema},
	Date-Added = {2013-11-15 23:28:42 +0000},
	Date-Modified = {2013-11-15 23:28:42 +0000},
	Publisher = {Cambridge University Press},
	Series = {Cambridge Tracts in Theoretical Computer Science},
	Title = {Modal Logic},
	Year = 2001}

@inproceedings{Segerberg1971:qpiams,
	Address = {Amsterdam},
	Author = {Segerberg, K.},
	Booktitle = {Proceedings of the 2nd {S}candinavian Logic Symposium},
	Date-Added = {2013-11-15 23:28:15 +0000},
	Date-Modified = {2013-11-15 23:28:15 +0000},
	Editor = {Fenstad, J.},
	Pages = {341--352},
	Publisher = {North Holland},
	Title = {Qualitative Probability in a Modal Setting},
	Year = 1971}

@incollection{Lenzen2003:kbasp,
	Author = {Lenzen, Wolfgang},
	Booktitle = {Knowledge Contributors},
	Date-Added = {2013-11-15 23:28:01 +0000},
	Date-Modified = {2013-11-15 23:28:01 +0000},
	Editor = {V.F. Hendricks and K.F. Jorgensen and S.A. Pedersen},
	Number = 322,
	Pages = {17--31},
	Publisher = {Kluwer},
	Series = {Synthese Library},
	Title = {Knowledge, Belief, and Subjective Probability --- Outlines of a Unified Theory of Epistemic/Doxastic Logic},
	Year = 2003}

@book{Lenzen1980:gwuw,
	Address = {Wien \&\ New York},
	Author = {Lenzen, Wolfgang},
	Date-Added = {2013-11-15 23:28:01 +0000},
	Date-Modified = {2013-11-15 23:28:01 +0000},
	Publisher = {Springer Verlag},
	Title = {Glauben, {W}issen und {W}ahrscheinlichkeit --- {S}ystene der epistemischen {L}ogik},
	Year = 1980}

@book{Kyburg1961:patlorb,
	Address = {Middletown, {CT}},
	Author = {Kyburg, H.E.},
	Date-Added = {2013-11-15 23:27:45 +0000},
	Date-Modified = {2013-11-15 23:27:45 +0000},
	Publisher = {Wesleyan University Press},
	Title = {Probability and the Logic of Rational Belief},
	Year = 1961}

@book{Jeffrey2004:sptrt,
	Author = {Jeffrey, Richard},
	Date-Added = {2013-11-15 23:27:24 +0000},
	Date-Modified = {2013-11-15 23:27:24 +0000},
	Publisher = {Cambridge University Press},
	Title = {Subjective Probability --- The Real Thing},
	Year = 2004}

@unpublished{Eijck2013:lap,
	Author = {Eijck, Jan van},
	Date-Added = {2013-11-15 23:27:03 +0000},
	Date-Modified = {2013-11-15 23:27:03 +0000},
	Note = {available from \url{homepages.cwi.nl:~/jve/software/prodemo}},
	Title = {Learning about Probability},
	Year = 2013}

@unpublished{EijckSchwarzentruber2014:epls,
	Author = {Eijck, Jan van and Fran\c ois Schwarzentruber},
	Date-Added = {2013-11-15 23:26:40 +0000},
	Date-Modified = {2013-11-15 23:26:40 +0000},
	Note = {Submitted to {AAMAS 2014, Paris}},
	Title = {Epistemic Probability Logic Simplified}}
